<record><leader>00000cas a22000007a 4500</leader><controlfield tag="001">9451888</controlfield><controlfield tag="008">830426d18871888ksuwr ne      0    0eng d</controlfield><controlfield tag="009">3789</controlfield><datafield ind1=" " ind2=" " tag="010"><subfield code="a">sn 83040076 </subfield></datafield><datafield ind1=" " ind2=" " tag="040"><subfield code="a">KSH</subfield><subfield code="b">eng</subfield><subfield code="c">KSH</subfield><subfield code="d">NPT</subfield><subfield code="d">OCLCG</subfield></datafield><datafield ind1="1" ind2=" " tag="029"><subfield code="a">AU@</subfield><subfield code="b">000025789216</subfield></datafield><datafield ind1=" " ind2=" " tag="042"><subfield code="a">msc</subfield></datafield><datafield ind1=" " ind2=" " tag="043"><subfield code="a">n-us-ks</subfield></datafield><datafield ind1="0" ind2="0" tag="245"><subfield code="a">John N. Reynolds' times.</subfield></datafield><datafield ind1=" " ind2=" " tag="260"><subfield code="a">Atchison, Kan. :</subfield><subfield code="b">[s.n.],</subfield><subfield code="c">1887.</subfield></datafield><datafield ind1=" " ind2=" " tag="300"><subfield code="a">1 v. :</subfield><subfield code="b">ill. ;</subfield><subfield code="c">55 cm.</subfield></datafield><datafield ind1=" " ind2=" " tag="310"><subfield code="a">Weekly</subfield></datafield><datafield ind1="0" ind2=" " tag="362"><subfield code="a">Vol. 1, no. 23 (Sept. 3, 1887)-v. 1, no. 28 (Oct. 22, 1888).</subfield></datafield><datafield ind1=" " ind2=" " tag="500"><subfield code="a">Oct. 22, 1888 issue masthead includes "From the Kansas Penitentiary".</subfield></datafield><datafield ind1=" " ind2=" " tag="515"><subfield code="a">Suspended Nov. 26, 1887-Oct. 15, 1888.</subfield></datafield><datafield ind1=" " ind2=" " tag="500"><subfield code="a">Editor: John N. Reynolds.</subfield></datafield><datafield ind1="1" ind2=" " tag="700"><subfield code="a">Reynolds, John N.</subfield><subfield code="q">(John Newton)</subfield></datafield><datafield ind1=" " ind2=" " tag="752"><subfield code="a">United States</subfield><subfield code="b">Kansas</subfield><subfield code="c">Atchison</subfield><subfield code="d">Atchison.</subfield></datafield><datafield ind1="0" ind2="0" tag="780"><subfield code="t">John N. Reynolds' paper</subfield><subfield code="w">(DLC)sn 83040075</subfield></datafield></record>